@misc{homework-w4,
	author = {Erwin Mooij and Dominic Drikx},
	title = {{AE4866 - Propagation \& Optimization - Homework week 4}},
	howpublished = {Brightspace TU Delft},
	organization = {Delft University of Technology},
	month = mar,
	year = 2018,
}

@misc{lecture,
	author = {Erwin Mooij and Dominic Drikx},
	title = {{AE4866 - Propagation \& Optimization in Astrodynamics - Pre-, Inter- and Post-Processing}},
	howpublished = {Brightspace TU Delft},
	organization = {Delft University of Technology},
	month = mar,
	year = 2018,
}